@article{abdo2013second,
  title={The second Fermi large area telescope catalog of gamma-ray pulsars},
  author={Abdo, AA and Ajello, M and Allafort, A and Baldini, L and Ballet, J and Barbiellini, G and Baring, MG and Bastieri, D and Belfiore, A and Bellazzini, R and others},
  journal={The Astrophysical Journal Supplement Series},
  volume={208},
  number={2},
  pages={17},
  year={2013},
  publisher={IOP Publishing}
}
@article{abdo2010fermi,
  title={Fermi Large Area Telescope Observations of Gamma-ray Pulsars PSR J1057--5226, J1709--4429, and J1952+ 3252},
  author={Abdo, Aous A and Ajello, M and Antolini, E and Baldini, L and Ballet, J and Barbiellini, G and Baring, MG and Bastieri, D and Bechtol, K and Bellazzini, R and others},
  journal={The Astrophysical Journal},
  volume={720},
  number={1},
  pages={26},
  year={2010},
  publisher={IOP Publishing}
}
@article{psrcat,
  title={The first Fermi Large Area Telescope catalog of gamma-ray pulsars},
  author={Abdo, AA and Ackermann, M and Ajello, M and Atwood, WB and Axelsson, M and Baldini, L and Ballet, J and Barbiellini, G and Baring, MG and Bastieri, D and others},
  journal={The Astrophysical Journal Supplement Series},
  volume={187},
  number={2},
  pages={460},
  year={2010},
  publisher={IOP Publishing}
}
@inproceedings{arons2006theory,
  title={On The Theory of Radio And High Energy Emission From Pulsars: Where To Go?},
  author={Arons, J},
  booktitle={IAU Joint Discussion},
  volume={2},
  pages={39},
  year={2006}
}
@article{baade1934super,
  title={On super-novae},
  author={Baade, Walter and Zwicky, Fritz},
  journal={Proceedings of the National Academy of Sciences of the United States of America},
  volume={20},
  number={5},
  pages={254},
  year={1934},
  publisher={National Academy of Sciences}
}
@article{backer1976orthogonal,
  title={Orthogonal mode emission in geometric models of pulsar polarisation},
  author={Backer, DC and Rankin, John M and Campbell, DB},
  journal={Nature},
  volume={263},
  pages={202--207},
  year={1976}
}
@article{bai2010modeling,
  title={Modeling of gamma-ray pulsar light curves using the force-free magnetic field},
  author={Bai, Xue-Ning and Spitkovsky, Anatoly},
  journal={The Astrophysical Journal},
  volume={715},
  number={2},
  pages={1282},
  year={2010},
  publisher={IOP Publishing}
}
@book{becker2009neutron,
  title={Neutron stars and pulsars},
  author={Becker, Werner},
  volume={357},
  year={2009},
  publisher={Springer}
}
@article{blaskiewicz1991relativistic,
  title={A relativistic model of pulsar polarization},
  author={Blaskiewicz,~M and Cordes,~JM and Wasserman,~I},
  journal={The Astrophysical Journal},
  volume={370},
  pages={643--669},
  year={1991}
}
@article{braje2001magnetospheric,
  title={Magnetospheric scattering and emission in millisecond pulsars},
  author={Braje, Timothy M and Romani, Roger W},
  journal={The Astrophysical Journal},
  volume={550},
  number={1},
  pages={392},
  year={2001},
  publisher={IOP Publishing}
}
@article{breton2008relativistic,
  title={Relativistic spin precession in the double pulsar},
  author={Breton, Rene P and Kaspi, Victoria M and Kramer, Michael and McLaughlin, Maura A and Lyutikov, Maxim and Ransom, Scott M and Stairs, Ingrid H and Ferdman, Robert D and Camilo, Fernando and Possenti, Andrea},
  journal={Science},
  volume={321},
  number={5885},
  pages={104--107},
  year={2008},
  publisher={American Association for the Advancement of Science}
}
@article{burgay2003increased,
  title={An increased estimate of the merger rate of double neutron stars from observations of a highly relativistic system},
  author={Burgay, Marta and D'Amico, N and Possenti, A and Manchester, RN and Lyne, AG and Joshi, BC and McLaughlin, MA and Kramer, M and Sarkissian, JM and Camilo, F and others},
  journal={Nature},
  volume={426},
  number={6966},
  pages={531--533},
  year={2003},
  publisher={Nature Publishing Group}
}
@book{burke2002introduction,
  title={An introduction to radio astronomy},
  author={Burke, Bernard F and Graham-Smith, Francis},
  year={2002},
  publisher={Cambridge University Press}
}
@article{colpi1998elusiveness,
  title={The elusiveness of old neutron stars},
  author={Colpi, Monica and Turolla, Roberto and Zane, Silvia and Treves, Aldo},
  journal={The Astrophysical Journal},
  volume={501},
  number={1},
  pages={252},
  year={1998},
  publisher={IOP Publishing}
}
@article{contopoulos2010pulsar,
  title={The pulsar synchrotron in 3D: curvature radiation},
  author={Contopoulos, Ioannis and Kalapotharakos, Constantinos},
  journal={Monthly Notices of the Royal Astronomical Society},
  volume={404},
  number={2},
  pages={767--778},
  year={2010},
  publisher={Oxford University Press}
}
@article{cordes1978observational,
  title={Observational limits on the location of pulsar emission regions},
  author={Cordes, Jo M},
  journal={The Astrophysical Journal},
  volume={222},
  pages={1006--1011},
  year={1978}
}
@article{cordes2002ne2001,
  title={NE2001. I. A new model for the galactic distribution of free electrons and its fluctuations},
  author={Cordes, James M and Lazio, T Joseph W},
  journal={arXiv preprint astro-ph/0207156},
  year={2002}
}
@article{cordes2003ne2001,
  title={NE2001. II. Using radio propagation data to construct a model for the galactic distribution of free electrons},
  author={Cordes, James M and Lazio, T Joseph W},
  journal={arXiv preprint astro-ph/0301598},
  year={2003}
}
@article{craig2012altitude,
  title={Altitude Limits for Rotating Vector Model Fitting of Pulsar Polarization},
  author={Craig, HA and Romani, Roger W},
  journal={The Astrophysical Journal},
  volume={755},
  number={2},
  pages={137},
  year={2012},
  publisher={IOP Publishing}
}
@article{craig2014tackling,
  title={Tackling Radio Polarization of Energetic Pulsars},
  author={Craig, HA},
  journal={The Astrophysical Journal},
  volume={790},
  number={2},
  pages={102},
  year={2014},
  publisher={IOP Publishing}
}
@article{cronyn1970analysis,
  title={The analysis of radio scattering and space-probe observations of small-scale structure in the interplanetary medium},
  author={Cronyn, Willard M},
  journal={The Astrophysical Journal},
  volume={161},
  pages={755},
  year={1970}
}
@article{davis1951polarization,
  title={The Polarization of Starlight by Aligned Dust Grains.},
  author={Davis Jr, Leverett and Greenstein, Jesse L},
  journal={The Astrophysical Journal},
  volume={114},
  pages={206},
  year={1951}
}
@article{hartogJ1513,
  title={Broad-Band KeW to MeV characteristics of soft gamma-ray pulsar PSR J1513-5908},
  author={Den Hartog, P. R. and Kerr, M. and Kuiper, L. and Baring, M. and Craig, H. A. and Romani, R. W. and 
Johston, S. and Shannon R.},
  year={in prep.}}
@article{dyks2003two,
  title={Two-pole caustic model for high-energy light curves of pulsars},
  author={Dyks, J and Rudak, B},
  journal={The Astrophysical Journal},
  volume={598},
  number={2},
  pages={1201},
  year={2003},
  publisher={IOP Publishing}
}
@article{dyks2005reversals,
  title={Reversals of radio emission direction in PSR B1822--09},
  author={Dyks, J and Zhang, Bing and Gil, J},
  journal={The Astrophysical Journal Letters},
  volume={626},
  number={1},
  pages={L45},
  year={2005},
  publisher={IOP Publishing}
}
@article{dyks2005shadow,
  title={The pulsar shadow as the origin of double notches in radio pulse profiles},
  author={Dyks, J and Frkackowiak, M and Slowikowska, Agnieszka and Rudak, B and Zhang, Bing},
  journal={The Astrophysical Journal},
  volume={633},
  number={2},
  pages={1101},
  year={2005},
  publisher={IOP Publishing}
}
@article{dyks2006model,
  title={A model for double notches and bifurcated components in radio profiles of pulsars and magnetars-Evidence for the parallel acceleration maser in pulsar magnetosphere},
  author={Dyks, J and Rudak, B and Rankin, Joanna M},
  journal={Astronomy \& Astrophysics},
  volume={465},
  number={3},
  pages={981--991},
  year={2007},
  publisher={EDP Sciences}
}
@article{dyks2008altitude,
  title={Altitude-dependent polarization in radio pulsars},
  author={Dyks,~J},
  journal={Monthly Notices of the Royal Astronomical Society},
  volume={391},
  number={2},
  pages={859--868},
  year={2008},
  publisher={Wiley Online Library}
}
@article{dyks2004rotational,
  title={Rotational sweepback of magnetic field lines in geometric models of pulsar radio emission},
  author={Dyks, Jaroslaw and Harding, Alice K},
  journal={The Astrophysical Journal},
  volume={614},
  number={2},
  pages={869},
  year={2004},
  publisher={IOP Publishing}
}
@article{dyks2012asymmetry,
  title={Asymmetry of bifurcated features in radio pulsar profiles},
  author={Dyks, J and Rudak, B},
  journal={Monthly Notices of the Royal Astronomical Society},
  volume={420},
  number={4},
  pages={3403--3411},
  year={2012},
  publisher={Wiley Online Library}
}
@article{everett2001emission,
  title={Emission beam geometry of selected pulsars derived from average pulse polarization data},
  author={Everett, JE and Weisberg, JM},
  journal={The Astrophysical Journal},
  volume={553},
  number={1},
  pages={341},
  year={2001},
  publisher={IOP Publishing}
}
@article{ferdman2013double,
  title={The double pulsar: evidence for neutron star formation without an iron core-collapse supernova},
  author={Ferdman, RD and Stairs, IH and Kramer, M and Breton, RP and McLaughlin, MA and Freire, PCC and Possenti, A and Stappers, BW and Kaspi, VM and Manchester, RN and others},
  journal={The Astrophysical Journal},
  volume={767},
  number={1},
  pages={85},
  year={2013},
  publisher={IOP Publishing}
}
@article{flannery1992numerical,
  title={Numerical recipes in C},
  author={Flannery, Brian P and Press, William H and Teukolsky, Saul A and Vetterling, William},
  journal={Press Syndicate of the University of Cambridge, New York},
  year={1992}
}
@inproceedings{foster1997fast,
  title={A Fast Sampled High Frequency Pulsar Survey of the Galactic Plane},
  author={Foster, RS and Ray, PS and Cadwell, BJ and Backer, DC and Lestrade, J-F and Cognard, I and Martin, J-M and Maitia, V},
  booktitle={Bulletin of the American Astronomical Society},
  volume={29},
  pages={1392},
  year={1997}
}
@article{gaensler2006evolution,
  title={The Evolution and Structure of Pulsar Wind Nebulae},
  author={Gaensler, Bryan M and Slane, Patrick O},
  journal={Annu. Rev. Astron. Astrophys.},
  volume={44},
  pages={17--47},
  year={2006},
  publisher={Annual Reviews}
}
@article{gil1985interpulse,
  title={Interpulse beams and profile components},
  author={Gil, J},
  journal={The Astrophysical Journal},
  volume={299},
  pages={154--160},
  year={1985}
}
@article{gil1994multifrequency,
  title={Multifrequency study of PSR 1822-09},
  author={Gil, JA and Jessner, A and Kijak, J and Kramer, M and Malofeev, V and Malov, I and Seiradakis, JH and Sieber, W and Wielebinski, R},
  journal={Astronomy and Astrophysics},
  volume={282},
  pages={45--53},
  year={1994}
}
@article{gold1968rotating,
  title={Rotating neutron stars as the origin of the pulsating radio sources},
  author={Gold, Thomas},
  journal={Nature},
  volume={218},
  pages={731--732},
  year={1968}
}
@article{gould1998multifrequency,
  title={Multifrequency polarimetry of 300 radio pulsars},
  author={Gould, DM and Lyne, AG},
  journal={Monthly Notices of the Royal Astronomical Society},
  volume={301},
  number={1},
  pages={235--260},
  year={1998},
  publisher={Wiley Online Library}
}
@article{guillemot2013fermi,
  title={Fermi LAT Pulsed Detection of PSR J0737--3039A in the Double Pulsar System},
  author={Guillemot, L and Kramer, M and Johnson, TJ and Craig, HA and Romani, RW and Venter, C and Harding, AK and Ferdman, RD and Stairs, IH and Kerr, M},
  journal={The Astrophysical Journal},
  volume={768},
  number={2},
  pages={169},
  year={2013},
  publisher={IOP Publishing}
}
@article{hall1949observations,
  title={Observations of the polarized light from stars},
  author={Hall, John S},
  journal={Science},
  volume={109},
  number={2825},
  pages={166--167},
  year={1949},
  publisher={American Association for the Advancement of Science}
}
@article{harding2011pulsar,
  title={Pulsar Pair Cascades in Magnetic Fields with Offset Polar Caps},
  author={Harding, Alice K and Muslimov, Alex G},
  journal={The Astrophysical Journal},
  volume={743},
  number={2},
  pages={181},
  year={2011},
  publisher={IOP Publishing}
}
@article{harding2011gamma,
  title={Gamma-Ray Pulsar Light Curves in Vacuum and Force-Free Geometry},
  author={Harding, Alice K and DeCesar, Megan E and Miller, M Coleman and Kalapotharakos, Constantinos and Contopoulos, Ioannis},
  journal={arXiv preprint arXiv:1111.0828},
  year={2011}
}
@article{hessels2006radio,
  title={A radio pulsar spinning at 716 Hz},
  author={Hessels, Jason WT and Ransom, Scott M and Stairs, Ingrid H and Freire, Paulo CC and Kaspi, Victoria M and Camilo, Fernando},
  journal={Science},
  volume={311},
  number={5769},
  pages={1901--1904},
  year={2006},
  publisher={American Association for the Advancement of Science}
}
@article{hibschman2001polarization,
  title={Polarization Sweeps in Rotation-powered Pulsars},
  author={Hibschman, Johann A and Arons, Jonathan},
  journal={The Astrophysical Journal},
  volume={546},
  number={1},
  pages={382},
  year={2001},
  publisher={IOP Publishing}
}
@article{hiltner1949polarization,
  title={Polarization of light from distant stars by interstellar medium},
  author={Hiltner, WA},
  journal={Science},
  volume={109},
  pages={165},
  year={1949}
}
@article{hobbs2004long,
  title={Long-term timing observations of 374 pulsars},
  author={Hobbs, G and Lyne, AG and Kramer, M and Martin, CE and Jordan, C},
  journal={Monthly Notices of the Royal Astronomical Society},
  volume={353},
  number={4},
  pages={1311--1344},
  year={2004},
  publisher={Oxford University Press}
}
@article{hou2014six,
  title={Six faint gamma-ray pulsars seen with the Fermi Large Area Telescope-Towards a sample blending into the background},
  author={Hou, X and Smith, DA and Guillemot, L and Cheung, CC and Cognard, I and Craig, HA and Espinoza, CM and Johnston, S and Kramer, M and Reimer, O and others},
  journal={Astronomy \& Astrophysics},
  volume={570},
  pages={A44},
  year={2014},
  publisher={EDP Sciences}
}
@article{johnston2006profile,
  title={Profile morphology and polarization of young pulsars},
  author={Johnston,~Simon and Weisberg,~Joel~M},
  journal={Monthly Notices of the Royal Astronomical Society},
  volume={368},
  number={4},
  pages={1856--1870},
  year={2006},
  publisher={Wiley Online Library}
}
@article{kaburaki1980determination,
  title={Determination of the electromagnetic field produced by a magnetic oblique-rotator},
  author={Kaburaki,~Osamu},
  journal={Astrophysics and Space Science},
  volume={67},
  number={1},
  pages={3--18},
  year={1980},
  publisher={Springer}
}
@article{kalapotharakos2012toward,
  title={Toward a realistic pulsar magnetosphere},
  author={Kalapotharakos, Constantinos and Kazanas, Demosthenes and Harding, Alice and Contopoulos, Ioannis},
  journal={The Astrophysical Journal},
  volume={749},
  number={1},
  pages={2},
  year={2012},
  publisher={IOP Publishing}
}
@article{kalapotharakos2014gamma,
  title={GAMMA-RAY EMISSION IN DISSIPATIVE PULSAR MAGNETOSPHERES:FROM THEORY TO FERMI OBSERVATIONS},
  author={Kalapotharakos, Constantinos and Harding, Alice K and Kazanas, Demosthenes},
  journal={The Astrophysical Journal Letters},
  volume={793},
  pages={97},
  year={2014},
  publisher={IOP Publishing}
}
@article{karastergiou2005polarization,
  title={Polarization profiles of southern pulsars at 3.1 GHz},
  author={Karastergiou, A and Johnston, S and Manchester, RN},
  journal={Monthly Notices of the Royal Astronomical Society},
  volume={359},
  number={2},
  pages={481--492},
  year={2005},
  publisher={Wiley Online Library}
}
@article{karastergiou2007empirical,
  title={An empirical model for the beams of radio pulsars},
  author={Karastergiou,~Aris and Johnston,~Simon},
  journal={Monthly Notices of the Royal Astronomical Society},
  volume={380},
  number={4},
  pages={1678--1684},
  year={2007},
  publisher={Wiley Online Library}
}
@article{kalapotharakos2012gamma,
  title={Gamma-Ray Light Curves from Pulsar Magnetospheres with Finite Conductivity},
  author={Kalapotharakos, Constantinos and Harding, Alice K and Kazanas, Demosthenes and Contopoulos, Ioannis},
  journal={The Astrophysical Journal Letters},
  volume={754},
  number={1},
  pages={L1},
  year={2012},
  publisher={IOP Publishing}
}
@article{karastergiou2009complex,
  title={The complex polarization angles of radio pulsars: orthogonal jumps and interstellar scattering},
  author={Karastergiou,~A},
  journal={Monthly Notices of the Royal Astronomical Society: Letters},
  volume={392},
  number={1},
  pages={L60--L64},
  year={2009},
  publisher={Oxford University Press}
}
@article{keith2012high,
  title={The High Time Resolution Universe Pulsar Survey--IV. Discovery and polarimetry of millisecond pulsars},
  author={Keith, MJ and Johnston, S and Bailes, M and Bates, SD and Bhat, NDR and Burgay, M and Burke-Spolaor, S and D’Amico, N and Jameson, A and Kramer, M and others},
  journal={Monthly Notices of the Royal Astronomical Society},
  volume={419},
  number={2},
  pages={1752--1765},
  year={2012},
  publisher={Wiley Online Library}
}
@article{kerr2012five,
  title={Five New Millisecond Pulsars from a Radio Survey of 14 Unidentified Fermi-LAT Gamma-Ray Sources},
  author={Kerr,~M and Camilo,~F and Johnson,~TJ and Ferrara,~EC and Guillemot,~L and Harding,~AK and Hessels,~J and Johnston,~S and Keith,~M and Kramer,~M and others},
  journal={The Astrophysical Journal Letters},
  volume={748},
  number={1},
  pages={L2},
  year={2012},
  publisher={IOP Publishing}
}
@article{kraus1986radio,
  title={Radio Astronomy, 2-nd ed},
  author={Kraus, John D},
  journal={Cygnus-Quasar Books, Powell, Ohio},
  pages={7--12},
  year={1986}
}
@techreport{lang1971pulse,
  title={Pulse broadening due to angular scattering in the interstellar medium.},
  author={Lang, Kenneth R},
  year={1971},
  institution={Cornell-Sydney Univ. Astronomy Center, Arecibo, Puerto Rico}
}
@article{li2003effect,
  title={The effect of scattering on pulsar polarization angle},
  author={Li, XH and Han, JL},
  journal={Astronomy \& Astrophysics},
  volume={410},
  number={1},
  pages={253--256},
  year={2003},
  publisher={EDP Sciences}
}
@article{lyne1988shape,
  title={The shape of pulsar radio beams},
  author={Lyne, AG and Manchester, RN},
  journal={Monthly Notices of the Royal Astronomical Society},
  volume={234},
  pages={477--508},
  year={1988}
}
@article{lyne2004double,
  title={A double-pulsar system: A rare laboratory for relativistic gravity and plasma physics},
  author={Lyne, AG and Burgay, Marta and Kramer, M and Possenti, A and Manchester, RN and Camilo, F and McLaughlin, MA and Lorimer, DR and D'Amico, N and Joshi, BC and others},
  journal={Science},
  volume={303},
  number={5661},
  pages={1153--1157},
  year={2004},
  publisher={American Association for the Advancement of Science}
}
@book{lyne2006pulsar,
  title={Pulsar Astronomy},
  author={Lyne, Andrew G},
  volume={38},
  year={2006},
  publisher={Cambridge University Press}
}
@article{mclaughlin2004notches,
  title={`Notches' in the average profiles of bright pulsars},
  author={McLaughlin, Maura A and Rankin, Joanna M},
  journal={Monthly Notices of the Royal Astronomical Society},
  volume={351},
  number={3},
  pages={808--812},
  year={2004},
  publisher={Wiley Online Library}
}
@article{melrose2012obliquely,
  title={Obliquely rotating pulsars: screening of the inductive electric field},
  author={Melrose, DB and Yuen, Rai},
  journal={The Astrophysical Journal},
  volume={745},
  number={2},
  pages={169},
  year={2012},
  publisher={IOP Publishing}
}
@article{moffett1996multifrequency,
  title={Multifrequency Radio Observations of the Crab Pulsar},
  author={Moffett, David A and Hankins, Timothy H},
  journal={The Astrophysical Journal},
  volume={468},
  pages={779},
  year={1996}
}
@article{ng2007origin,
  title={The Origin and Motion of PSR J0538+ 2817 in S147},
  author={Ng, C-Y and Romani, Roger W and Brisken, Walter F and Chatterjee, Shami and Kramer, Michael},
  journal={The Astrophysical Journal},
  volume={654},
  number={1},
  pages={487},
  year={2007},
  publisher={IOP Publishing}
}
@article{pacholczyk1970radio,
  title={Radio Astrophysics: Nonthermal Processes In Galactic And Extragalactic Sources (A Series Of Books In Astronomy And Astrop},
  author={Pacholczyk, AG},
  year={1970},
  publisher={WH Freeman \& Co Ltd}
}
@article{pacini1967energy,
  title={Energy emission from a neutron star},
  author={Pacini, Franco},
  year={1967},
  publisher={Nature Publishing Group}
}
@article{pacini1968rotating,
  title={Rotating neutron stars, pulsars and supernova remnants},
  author={Pacini, F},
  journal={Nature},
  volume={219},
  pages={145--146},
  year={1968}
}
@article{parent2011observations,
  title={Observations of Energetic High Magnetic Field Pulsars with the Fermi Large Area Telescope},
  author={Parent, D and Kerr, M and Den Hartog, PR and Baring, MG and DeCesar, ME and Espinoza, CM and Gotthelf, EV and Harding, AK and Johnston, S and Kaspi, VM and others},
  journal={The Astrophysical Journal},
  volume={743},
  number={2},
  pages={170},
  year={2011},
  publisher={IOP Publishing}
}
@article{pelling1987scanning,
  title={A scanning modulation collimator observation of the high-energy X-ray source in the Crab Nebula},
  author={Pelling, RM and Paciesas, WS and Peterson, L Eo and Makishima, K and Oda, M and Ogawara, Y and Miyamoto, S},
  journal={The Astrophysical Journal},
  volume={319},
  pages={416--425},
  year={1987}
}
@article{phillips1990magnetic,
  title={The magnetic geometry and radio beam of PSR 1929+ 10},
  author={Phillips, JA},
  journal={The Astrophysical Journal},
  volume={361},
  pages={L57--L60},
  year={1990}
}
@article{podsiadlowski2005double,
  title={The double pulsar J0737-3039: testing the neutron star equation of state},
  author={Podsiadlowski, Ph and Dewi, JDM and Lesaffre, P and Miller, John C and Newton, WG and Stone, J Rikovska},
  journal={Monthly Notices of the Royal Astronomical Society},
  volume={361},
  number={4},
  pages={1243--1249},
  year={2005},
  publisher={Oxford University Press}
}
@article{radhakrishnan1969magnetic,
  title={Magnetic poles and the polarization structure of pulsar radiation},
  author={Radhakrishnan,~V and Cooke,~DJ},
  journal={Astrophysical Letters},
  volume={3},
  pages={225},
  year={1969}
}
@article{roberts2001multiwavelength,
  title={Multiwavelength Studies of PSR J1420--6048, a Young Pulsar in the Kookaburra},
  author={Roberts, Mallory SE and Romani, Roger W and Johnston, Simon},
  journal={The Astrophysical Journal Letters},
  volume={561},
  number={2},
  pages={L187},
  year={2001},
  publisher={IOP Publishing}
}
@misc{rohlfs2000tools,
  title={Tools of Radio Astronomy (Astronomy and astrophysics library},
  author={Rohlfs, K and Wilson, TL},
  year={2000},
  publisher={Springer}
}
@article{romani2003pulsar,
  title={The Pulsar Wind Nebula torus of PSR J0538+ 2817 and the origin of pulsar velocities},
  author={Romani, Roger W and Ng, C-Y},
  journal={The Astrophysical Journal Letters},
  volume={585},
  number={1},
  pages={L41},
  year={2003},
  publisher={IOP Publishing}
}
@article{romani2011sub,
  title={Sub-luminous $\gamma$-ray Pulsars},
  author={Romani, RW and Kerr, M and Craig, HA and Johnston, S and Cognard, I and Smith, DA},
  journal={The Astrophysical Journal},
  volume={738},
  number={1},
  pages={114},
  year={2011},
  publisher={IOP Publishing}
}
@article{spitkovsky2006time,
  title={Time-dependent force-free pulsar magnetospheres: axisymmetric and oblique rotators},
  author={Spitkovsky, Anatoly},
  journal={The Astrophysical Journal Letters},
  volume={648},
  number={1},
  pages={L51},
  year={2006},
  publisher={IOP Publishing}
}
@article{stinebring1984pulsar,
  title={Pulsar polarization fluctuations. I-1404 MHz statistical summaries},
  author={Stinebring, DR and Cordes, JM and Rankin, JM and Weisberg, JM and Boriakoff, V},
  journal={The Astrophysical Journal Supplement Series},
  volume={55},
  pages={247--277},
  year={1984}
}
@article{taylor1993pulsar,
  title={Pulsar distances and the galactic distribution of free electrons},
  author={Taylor, J H\_ and Cordes, JM},
  journal={The Astrophysical Journal},
  volume={411},
  pages={674--684},
  year={1993}
}
@article{theureau2011psrs,
  title={PSRs J0248+ 6021 and J2240+ 5832: young pulsars in the northern Galactic plane},
  author={Theureau, G and Parent, D and Cognard, I and Desvignes, G and Smith, DA and Casandjian, JM and Cheung, CC and Craig, HA and Donato, D and Foster, R and others},
  journal={Astronomy and Astrophysics-Les Ulis},
  volume={525},
  pages={848},
  year={2011}
}
@PhdThesis{vanEttenPhd2012,
           title = "{Particle Populations and High Energy Emission in Pulsar Wind Nebulae}",
          author = {Van Etten, Albert Adam},
          school = "Stanford University",
            year = "2012",
}
@article{Watters:2010jb,
      author         = {Watters,~Kyle~P. and Romani,~Roger~W.},
      title          = {The Galactic Population of Young Gamma-ray Pulsars},
      journal        = {Astrophys.J.},
      volume         = {727},
      pages          = {123},
      year           = 2011,
}
@article{weltevrede2007main,
  title={The main-interpulse interaction of PSR B1702--19},
  author={Weltevrede, P and Wright, GAE and Stappers, BW},
  journal={Astronomy \& Astrophysics},
  volume={467},
  number={3},
  pages={1163--1174},
  year={2007},
  publisher={EDP Sciences}
}
@article{weltevrede2008profile,
  title={Profile and polarization characteristics of energetic pulsars},
  author={Weltevrede, Patrick and Johnston, Simon},
  journal={Monthly Notices of the Royal Astronomical Society},
  volume={391},
  number={3},
  pages={1210--1226},
  year={2008},
  publisher={Oxford University Press}
}
@article{weltevrede2009mapping,
  title={Mapping the magnetosphere of PSR B1055- 52},
  author={Weltevrede, Patrick and Wright, Geoff},
  journal={Monthly Notices of the Royal Astronomical Society},
  volume={395},
  number={4},
  pages={2117--2126},
  year={2009},
  publisher={Wiley Online Library}
}
@article{weltevrede2010gamma,
  title={Gamma-ray and Radio Properties of Six Pulsars Detected by the Fermi Large Area Telescope},
  author={Weltevrede, Patrick and Abdo, Aous A and Ackermann, Markus and Ajello, Marco and Axelsson, Magnus and Baldini, Luca and Ballet, Jean and Barbiellini, Guido and Bastieri, Denis and Baughman, Brian M and others},
  journal={The Astrophysical Journal},
  volume={708},
  number={2},
  pages={1426},
  year={2010},
  publisher={IOP Publishing}
}
@article{weltevrede2010pulsar,
  title={Pulsar Timing with the Parkes Radio Telescope for the Fermi Mission},
  author={Weltevrede, P and Johnston, S and Manchester, RN and Bhat, R and Burgay, M and Champion, D and Hobbs, GB and K{\i}z{\i}ltan, B and Keith, M and Possenti, A and others},
  journal={Publications of the Astronomical Society of Australia},
  volume={27},
  number={1},
  pages={64--75},
  year={2010},
  publisher={CSIRO}
}
@article{weltevrede2011glitch,
  title={The glitch-induced identity changes of PSR J1119- 6127},
  author={Weltevrede, Patrick and Johnston, Simon and Espinoza, Crist{\'o}bal M},
  journal={Monthly Notices of the Royal Astronomical Society},
  volume={411},
  number={3},
  pages={1917--1934},
  year={2011},
  publisher={Oxford University Press}
}
@inproceedings{weltevrede2012interpole,
  title={Interpole Communication in Radio Pulsars and the Resulting Theoretical Challenges},
  author={Weltevrede, P and Wright, G and Johnston, S},
  booktitle={Astronomical Society of the Pacific Conference Series},
  volume={466},
  pages={47},
  year={2012}
}
@article{weltevrede2012phase,
  title={Phase-locked modulation delay between the poles of pulsar B1055-52},
  author={Weltevrede, Patrick and Wright, Geoff and Johnston, Simon},
  journal={Monthly Notices of the Royal Astronomical Society},
  volume={424},
  number={2},
  pages={843--854},
  year={2012},
  publisher={Oxford University Press}
}
@article{williamson1972pulse,
  title={Pulse broadening due to multiple scattering in the interstellar medium},
  author={Williamson, Ian P},
  journal={Monthly Notices of the Royal Astronomical Society},
  volume={157},
  number={1},
  pages={55--71},
  year={1972},
  publisher={Oxford University Press}
}
@article{williamson1973pulse,
  title={Pulse broadening due to multiple scattering in the interstellar medium II},
  author={Williamson, Ian P},
  journal={Monthly Notices of the Royal Astronomical Society},
  volume={163},
  number={1},
  pages={345},
  year={1973},
  publisher={Oxford University Press}
}
@article{wright2003empirical,
  title={An empirical model for the radio emission from pulsars},
  author={Wright, GAE},
  journal={Monthly Notices of the Royal Astronomical Society},
  volume={344},
  number={4},
  pages={1041--1056},
  year={2003},
  publisher={Wiley Online Library}
}
@article{wright2004model,
  title={A model for `ouble notches' in radio pulsar profiles},
  author={Wright, Geoffrey AE},
  journal={Monthly Notices of the Royal Astronomical Society},
  volume={351},
  number={3},
  pages={813--822},
  year={2004},
  publisher={Wiley Online Library}
}
@article{ng2008fitting,
  title={Fitting pulsar wind Tori. II. Error analysis and applications},
  author={Ng, C-Y and Romani, Roger W},
  journal={The Astrophysical Journal},
  volume={673},
  number={1},
  pages={411},
  year={2008},
  publisher={IOP Publishing}
}
@article{ng2004fitting,
  title={Fitting pulsar wind tori},
  author={Ng, C-Y and Romani, Roger W},
  journal={The Astrophysical Journal},
  volume={601},
  number={1},
  pages={479},
  year={2004},
  publisher={IOP Publishing}
}
@inproceedings{ray1999j0248+,
  title={J0248+ 60 and J2240+ 58: Two New Pulsars from a High-Frequency Survey of the Galactic Plane},
  author={Ray, PS and Cadwell, BJ and Lazio, TJW and Foster, RS and Backer, DC and Cognard, I and Lestrade, J-F},
  booktitle={Bulletin of the American Astronomical Society},
  volume={31},
  pages={903},
  year={1999}
}
@article{ravi2010wide,
  title={Wide Radio Beams from $\gamma$-ray Pulsars},
  author={Ravi, V and Manchester, RN and Hobbs, G},
  journal={The Astrophysical Journal Letters},
  volume={716},
  number={1},
  pages={L85},
  year={2010},
  publisher={IOP Publishing}
}
@article{romani1996gamma,
  title={Gamma-ray pulsars: radiation processes in the outer magnetosphere},
  author={Romani, Roger W},
  journal={The Astrophysical Journal},
  volume={470},
  pages={469},
  year={1996}
}
@article{romani2010constraining,
  title={Constraining pulsar magnetosphere geometry with $\gamma$-ray light curves},
  author={Romani, Roger W and Watters, Kyle P},
  journal={The Astrophysical Journal},
  volume={714},
  number={1},
  pages={810},
  year={2010},
  publisher={IOP Publishing}
}
@article{romani2012psr,
  title={PSR J1311--3430: A Heavyweight Neutron Star with a Flyweight Helium Companion},
  author={Romani, Roger W and Filippenko, Alexei V and Silverman, Jeffrey M and Cenko, S Bradley and Greiner, Jochen and Rau, Arne and Elliott, Jonathan and Pletsch, Holger J},
  journal={The Astrophysical Journal Letters},
  volume={760},
  number={2},
  pages={L36},
  year={2012},
  publisher={IOP Publishing}
}
@article{yan2011polarization,
  title={Polarization observations of 20 millisecond pulsars},
  author={Yan, WM and Manchester, RN and van Straten, Willem and Reynolds, JE and Hobbs, George and Wang, Na and Bailes, Matthew and Bhat, NDR and Burke-Spolaor, Sarah and Champion, DJ and others},
  journal={Monthly Notices of the Royal Astronomical Society},
  volume={414},
  number={3},
  pages={2087--2100},
  year={2011},
  publisher={Wiley Online Library}
}
@article{yee1966numerical,
  title={Numerical solution of initial boundary value problems involving Maxwell’s equations in isotropic media},
  author={Yee, Kane S and others},
  journal={IEEE Trans. Antennas Propag},
  volume={14},
  number={3},
  pages={302--307},
  year={1966}
}
